@inproceedings{calefato2015success,
  title={Success factors for effective knowledge sharing in community-based question-answering},
  author={Calefato, Fabio and Lanubile, Filippo and Merolla, MR and Novielli, N},
  booktitle={Proc. of the International Forum on Knowledge Asset Dynamics (IFKAD 2015), Bari, Italy, Jun. 10-12, 2015},
  pages={1431--1441},
  year={2015}
}

@inproceedings{prikladnicki2013real,
  title={Real-time machine translation for software development teams},
  author={Prikladnicki, Rafael and Duarte, Tiago and Conte, Tayana and Calefato, Fabio and Lanubile, Filippo and others},
  journal={Workshop on Software Engineering Innovation Foundation (SEIF'13), Rio de Janeiro, Brazil, Nov. 25–26, 2013},
  pages={25--26},
  year={2013}
}

@inproceedings{calefato2013social,
  title={Social media and trust building in virtual teams: The design of a replicated experiment},
  author={Calefato, Fabio and Lanubile, Filippo and Novielli, Nicole and others},
  booktitle={1st Int’l Workshop on Trust in Virtual Teams: Theory and Tools@CSCW, San Antonio, TX, 23 Feb. 2013},
  year={2013}
}

@inbook{calefato2011ebertbook,
  author    = {Fabio Calefato and Filippo Lanubile},
  title     = {Global Software and IT: A Guide to Distributed Development, Projects, and Outsourcing (C. Ebert, Ed.)},
  chapter   = {Practice: Collaborative Development Environments (Chapter 15)},
  pages     = {109--126},
  publisher = {Wiley},
  year      = {2011},
  editor    = {Christof Ebert},
  isbn      = {978-0-470-63619-0}
}
