@article{LLMmentionsTSE2025,
    author = "Xiao, Tao and Fan, Youmei and Calefato, Fabio and Kula, Raula Gaikovina and Treude, Christoph and Hata, Hideaki and Baltes, Sebastian",
    title = "{On the Self-admitted Use of LLMs in Open Source Software Projects}",
    journal = "{IEEE Transactions on Software Engineering}",
    year = "2025 (under review)"
}

@article{DBLP:journals/infsof/QuarantaACK25,
  author       = {Luigi Quaranta and
                  Kelly Azevedo and
                  Fabio Calefato and
                  Marcos Kalinowski},
  title        = {A multivocal literature review on the benefits and limitations of
                  industry-leading AutoML tools},
  journal      = {Inf. Softw. Technol.},
  volume       = {178},
  pages        = {107608},
  year         = {2025},
  url          = {https://doi.org/10.1016/j.infsof.2024.107608},
  doi          = {10.1016/J.INFSOF.2024.107608},
  timestamp    = {Sat, 30 Nov 2024 00:00:00 +0100},
  biburl       = {https://dblp.org/rec/journals/infsof/QuarantaACK25.bib},
  bibsource    = {dblp computer science bibliography, https://dblp.org},
  ranking      = {SJR Q1}
}

@article{DBLP:journals/jss/RussoBBACCCCEFHHIKKLLLMMMOPPPPRRSSS24,
  author       = {Daniel Russo and
                  Sebastian Baltes and
                  Niels van Berkel and
                  Paris Avgeriou and
                  Fabio Calefato and
                  Beatriz Cabrero{-}Daniel and
                  Gemma Catolino and
                  J{\"{u}}rgen Cito and
                  Neil A. Ernst and
                  Thomas Fritz and
                  Hideaki Hata and
                  Reid Holmes and
                  Maliheh Izadi and
                  Foutse Khomh and
                  Mikkel Baun Kj{\ae}rgaard and
                  Grischa Liebel and
                  Alberto Lluch{-}Lafuente and
                  Stefano Lambiase and
                  Walid Maalej and
                  Gail C. Murphy and
                  Nils Brede Moe and
                  Gabrielle O'Brien and
                  Elda Paja and
                  Mauro Pezz{\`{e}} and
                  John Stouby Persson and
                  Rafael Prikladnicki and
                  Paul Ralph and
                  Martin P. Robillard and
                  Thiago Rocha Silva and
                  Klaas{-}Jan Stol and
                  Margaret{-}Anne D. Storey and
                  Viktoria Stray and
                  Paolo Tell and
                  Christoph Treude and
                  Bogdan Vasilescu},
  title        = {Generative {AI} in Software Engineering Must Be Human-Centered: The
                  Copenhagen Manifesto},
  journal      = {J. Syst. Softw.},
  volume       = {216},
  pages        = {112115},
  year         = {2024},
  url          = {https://doi.org/10.1016/j.jss.2024.112115},
  doi          = {10.1016/J.JSS.2024.112115},
  timestamp    = {Sun, 06 Oct 2024 01:00:00 +0200},
  biburl       = {https://dblp.org/rec/journals/jss/RussoBBACCCCEFHHIKKLLLMMMOPPPPRRSSS24.bib},
  bibsource    = {dblp computer science bibliography, https://dblp.org},
  ranking      = {SJR Q1}
}

@article{DBLP:journals/software/NovielliCL20,
  author       = {Nicole Novielli and
                  Fabio Calefato and
                  Filippo Lanubile},
  title        = {Love, Joy, Anger, Sadness, Fear, and Surprise -- {SE} Needs Special
                  Kinds of {AI:} {A} Case Study on Text Mining and {SE}},
  journal      = {{IEEE} Softw.},
  volume       = {37},
  number       = {3},
  pages        = {86--91},
  year         = {2020},
  url          = {https://doi.org/10.1109/MS.2020.2968557},
  doi          = {10.1109/MS.2020.2968557},
  timestamp    = {Mon, 08 Jun 2020 01:00:00 +0200},
  biburl       = {https://dblp.org/rec/journals/software/NovielliCL20.bib},
  bibsource    = {dblp computer science bibliography, https://dblp.org},
  ranking      = {SJR Q2}
}

@inproceedings{DBLP:conf/esem/CalefatoQLK23,
  author       = {Fabio Calefato and
                  Luigi Quaranta and
                  Filippo Lanubile and
                  Marcos Kalinowski},
  title        = {Assessing the Use of AutoML for Data-Driven Software Engineering},
  booktitle    = {{ACM/IEEE} International Symposium on Empirical Software Engineering
                  and Measurement, {ESEM} 2023, New Orleans, LA, USA, October 26-27,
                  2023},
  pages        = {1--12},
  publisher    = {{IEEE}},
  year         = {2023},
  url          = {https://doi.org/10.1109/ESEM56168.2023.10304796},
  doi          = {10.1109/ESEM56168.2023.10304796},
  timestamp    = {Fri, 17 Nov 2023 08:57:22 +0100},
  biburl       = {https://dblp.org/rec/conf/esem/CalefatoQLK23.bib},
  bibsource    = {dblp computer science bibliography, https://dblp.org},
  ranking      = {ICORE A}
}

@inproceedings{DBLP:conf/icse-wain/LanubileCQAFF21,
  author       = {Filippo Lanubile and
                  Fabio Calefato and
                  Luigi Quaranta and
                  Maddalena Amoruso and
                  Fabio Fumarola and
                  Michele Filannino},
  title        = {Towards Productizing {AI/ML} Models: An Industry Perspective from
                  Data Scientists},
  booktitle    = {1st {IEEE/ACM} Workshop on {AI} Engineering - Software Engineering
                  for AI, WAIN@ICSE 2021, Madrid, Spain, May 30-31, 2021},
  pages        = {129--132},
  publisher    = {{IEEE}},
  year         = {2021},
  url          = {https://doi.org/10.1109/WAIN52551.2021.00027},
  doi          = {10.1109/WAIN52551.2021.00027},
  timestamp    = {Sat, 30 Sep 2023 01:00:00 +0200},
  biburl       = {https://dblp.org/rec/conf/icse-wain/LanubileCQAFF21.bib},
  bibsource    = {dblp computer science bibliography, https://dblp.org}
}